<record><leader>00000cas a22000007a 4500</leader><controlfield tag="001">27471810</controlfield><controlfield tag="008">930219d1851185uctuuu ne      0    0eng d</controlfield><datafield ind1=" " ind2=" " tag="010"><subfield code="a">sn 93053760 </subfield></datafield><datafield ind1=" " ind2=" " tag="040"><subfield code="a">CNW</subfield><subfield code="b">eng</subfield><subfield code="c">CNW</subfield><subfield code="d">OCL</subfield><subfield code="d">CZL</subfield><subfield code="d">OCLCQ</subfield><subfield code="d">OCLCF</subfield></datafield><datafield ind1=" " ind2=" " tag="042"><subfield code="a">msc</subfield></datafield><datafield ind1=" " ind2=" " tag="043"><subfield code="a">n-us-ct</subfield></datafield><datafield ind1=" " ind2=" " tag="090"><subfield code="a">AN104.W88</subfield><subfield code="b">B85</subfield></datafield><datafield ind1="0" ind2="4" tag="245"><subfield code="a">The Woodbury bumble b.</subfield></datafield><datafield ind1="1" ind2="3" tag="246"><subfield code="a">Woodbury bumble bee</subfield></datafield><datafield ind1=" " ind2=" " tag="260"><subfield code="a">Woodbury [Conn. :</subfield><subfield code="b">s.n.]</subfield></datafield><datafield ind1=" " ind2=" " tag="300"><subfield code="a">v. ;</subfield><subfield code="c">33 cm.</subfield></datafield><datafield ind1="1" ind2=" " tag="362"><subfield code="a">Began vol. 1, no. 1 (1851).</subfield></datafield><datafield ind1=" " ind2=" " tag="588"><subfield code="a">Description based on: Vol. 1, no. 1 1851; title from masthead.</subfield></datafield><datafield ind1=" " ind2=" " tag="588"><subfield code="a">Latest issue consulted: Vol. 1, no. 1 1851.</subfield></datafield><datafield ind1=" " ind2="0" tag="651"><subfield code="a">Woodbury (Conn.)</subfield><subfield code="v">Newspapers.</subfield></datafield><datafield ind1=" " ind2="7" tag="655"><subfield code="a">Newspapers.</subfield><subfield code="2">fast</subfield><subfield code="0">(OCoLC)fst01423814</subfield></datafield><datafield ind1=" " ind2="7" tag="651"><subfield code="a">Connecticut</subfield><subfield code="z">Woodbury.</subfield><subfield code="2">fast</subfield><subfield code="0">(OCoLC)fst01226231</subfield></datafield><datafield ind1=" " ind2=" " tag="752"><subfield code="a">United States</subfield><subfield code="b">Connecticut</subfield><subfield code="c">Litchfield</subfield><subfield code="d">Woodbury.</subfield></datafield></record>